@comment{x-kbibtex-personnameformatting=<%l><, %f>}

@book{McCartney1999,
	added-at = "2009-06-12T18:16:40.000+0200",
	author = "McCartney, S.",
	biburl = "http://www.bibsonomy.org/bibtex/24a7b758c67fdbd5e78ba97a18b203a40/jmora",
	interhash = "7dc62e3ee1dda390dcf43d8602ed6174",
	intrahash = "4a7b758c67fdbd5e78ba97a18b203a40",
	keywords = "history information",
	owner = "jmora",
	publisher = "Walker \& Company",
	timestamp = "2009.05.25",
	title = "{ENIAC: the triumphs and tragedies of the world's first computer}",
	x-fetchedfrom = "Bibsonomy",
	year = 1999
}

@article{court,
	pages = "20, finding 1.1.3",
	series = "{180 U.S.P.Q. (BNA) 673}",
	title = "{Honeywell, Inc. v. Sperry Rand Corp.}"
}

